<?xml version="1.0" encoding="UTF-8"?><collection xmlns="http://www.loc.gov/MARC21/slim"><record><leader>00348nam--2200133-i-4500</leader><controlfield tag="001">000007840</controlfield><controlfield tag="002">20161230</controlfield><controlfield tag="005">20161230201027</controlfield><controlfield tag="008">060222s1000------------r-----000-0-eng-d</controlfield><datafield ind1=" " ind2=" " tag="080"><subfield code="a">61.14</subfield></datafield><datafield ind1=" " ind2=" " tag="100"><subfield code="a">Bartee, Thomas C</subfield></datafield><datafield ind1=" " ind2=" " tag="245"><subfield code="a">Digital computer fundamentals. 2nd edition</subfield></datafield><datafield ind1=" " ind2=" " tag="260"><subfield code="a">New York, Mcgraw-hill Book Co., 1966 X + 402 P</subfield></datafield><datafield ind1=" " ind2=" " tag="852"><subfield code="a">25033</subfield></datafield></record></collection>